@electronic{abc,
  author = {Michael Shell},
  title  = {{IEEE}tran Homepage},
  url    = {http://www.michaelshell.org/tex/ieeetran/},
  year   = {2008}
}

@inproceedings{bachrach2012chisel,
  title        = {Chisel: constructing hardware in a scala embedded language},
  author       = {Bachrach, Jonathan and others},
  booktitle    = {DAC Design Automation Conference 2012},
  pages        = {1212--1221},
  year         = {2012},
  organization = {IEEE}
}

@article{bruant2021towards,
  title     = {Towards Agile Hardware Designs with Chisel: a Network Use-case},
  author    = {Bruant, Jean and others},
  journal   = {IEEE Design \& Test},
  year      = {2021},
  publisher = {IEEE}
}

@article{dally2020domain,
  title     = {Domain-specific hardware accelerators},
  author    = {Dally, William J and Turakhia, Yatish and Han, Song},
  journal   = {Communications of the ACM},
  volume    = {63},
  number    = {7},
  pages     = {48--57},
  year      = {2020},
  publisher = {ACM New York, NY, USA}
}

@inproceedings{dobis2021chiselverify,
  title        = {Chiselverify: An open-source hardware verification library for chisel and scala},
  author       = {Dobis, Andrew and Petersen, Tjark and others},
  booktitle    = {2021 IEEE Nordic Circuits and Systems Conference (NorCAS)},
  pages        = {1--7},
  year         = {2021},
  organization = {IEEE}
}

@article{hennessy2019new,
  title     = {A new golden age for computer architecture},
  author    = {Hennessy, John L and Patterson, David A},
  journal   = {Communications of the ACM},
  volume    = {62},
  number    = {2},
  pages     = {48--60},
  year      = {2019},
  publisher = {ACM New York, NY, USA}
}

@incollection{mehta2018uvm,
  title     = {UVM (Universal Verification Methodology)},
  author    = {Mehta, Ashok B},
  booktitle = {ASIC/SoC Functional Design Verification},
  pages     = {17--64},
  year      = {2018},
  publisher = {Springer}
}

@electronic{SymbiYosys,
  author = {Wolf},
  title  = {SymbiYosys (sby) â€“ Front-end for Yosys-based formal verification flows},
  url    = {https://github.com/YosysHQ/SymbiYosys}
}


@electronic{riscv-formal,
  title  = {RISC-V Formal Verification Framework},
  url    = {https://github.com/SymbioticEDA/riscv-formal}
}

@electronic{mpMemory,
  title  = {Design and Verification of Multi-ported Memory},
  url    = {https://github.com/VerificaticationStudio/MultPortedRAM}
}

@book{schoeberl2019digital,
  title={Digital Design with Chisel},
  author={Schoeberl, Martin},
  year={2019},
  publisher={Kindle Direct Publishing}
}

@book{vijayaraghavan2005practical,
  title={A practical guide for SystemVerilog assertions},
  author={Vijayaraghavan, Srikanth and Ramanathan, Meyyappan},
  year={2005},
  publisher={Springer Science \& Business Media}
}

@inproceedings{abdelhadi2014modular,
  title={Modular multi-ported SRAM-based memories},
  author={Abdelhadi, Ameer MS and Lemieux, Guy GF},
  booktitle={Proceedings of the 2014 ACM/SIGDA international symposium on Field-programmable gate arrays},
  pages={35--44},
  year={2014}
}

@inproceedings{laforest2012multi,
  title={Multi-ported memories for FPGAs via XOR},
  author={LaForest, Charles Eric and Liu, Ming G and Rapati, Emma Rae and Steffan, J Gregory},
  booktitle={Proceedings of the ACM/SIGDA international symposium on Field Programmable Gate Arrays},
  pages={209--218},
  year={2012}
}

@inproceedings{tinelli2012smt,
  title={SMT-Based Model Checking.},
  author={Tinelli, Cesare},
  booktitle={NASA Formal Methods},
  pages={1},
  year={2012}
}

@inproceedings{yu2007implementation,
  title={Implementation of a Multi-channel UART Controller Based on FIFO Technique and FPGA},
  author={Yu, Shouqian and Yi, Lili and Chen, Weihai and Wen, Zhaojin},
  booktitle={2007 2nd IEEE Conference on Industrial Electronics and Applications},
  pages={2633--2638},
  year={2007},
  organization={IEEE}
}

@article{varvarigos1997ready,
  title={The ready-to-go virtual circuit protocol: a loss-free protocol for multigigabit networks using FIFO buffers},
  author={Varvarigos, Emmanouel A and Sharma, Vishal},
  journal={IEEE/ACM transactions on networking},
  volume={5},
  number={5},
  pages={705--718},
  year={1997},
  publisher={IEEE}
}

@electronic{twoBuffer,
  title  = {Implementation and verification of two FIFO buffers in Chisel},
  year = {2022},
  url    = {https://github.com/mufanx/fifoBuffer}
}

@article{grimm2018survey,
  title={A survey on formal verification techniques for safety-critical systems-on-chip},
  author={Grimm, Tom{\'a}s and Lettnin, Djones and H{\"u}bner, Michael},
  journal={Electronics},
  volume={7},
  number={6},
  pages={81},
  year={2018},
  publisher={Multidisciplinary Digital Publishing Institute}
}

@article{Hoare69,
  author    = {C. A. R. Hoare},
  title     = {An Axiomatic Basis for Computer Programming},
  journal   = {Commun. {ACM}},
  volume    = {12},
  number    = {10},
  pages     = {576--580},
  year      = {1969},
  url       = {https://doi.org/10.1145/363235.363259},
  doi       = {10.1145/363235.363259},
  timestamp = {Wed, 14 Nov 2018 10:22:34 +0100},
  biburl    = {https://dblp.org/rec/journals/cacm/Hoare69.bib},
  bibsource = {dblp computer science bibliography, https://dblp.org}
}

@book{clarke2018handbook,
  title={Handbook of model checking},
  author={Clarke, Edmund M and Henzinger, Thomas A and Veith, Helmut and Bloem, Roderick and others},
  volume={10},
  year={2018},
  publisher={Springer}
}


@inproceedings{MoskewiczMZZM01,
  author    = {Matthew W. Moskewicz and
               Conor F. Madigan and
               others},
  title     = {Chaff: Engineering an Efficient {SAT} Solver},
  booktitle = {Proceedings of the 38th Design Automation Conference, {DAC} 2001,
               Las Vegas, NV, USA, June 18-22, 2001},
  pages     = {530--535},
  publisher = {{ACM}},
  year      = {2001},
}

@inproceedings{SilvaS96,
  author    = {Jo{\~{a}}o P. Marques Silva and
               Karem A. Sakallah},
  title     = {{GRASP} - a new search algorithm for satisfiability},
  booktitle = {Proceedings of the 1996 {IEEE/ACM} International Conference on Computer-Aided
               Design, {ICCAD} 1996, San Jose, CA, USA, November 10-14, 1996},
  pages     = {220--227},
  publisher = {{IEEE} Computer Society / {ACM}},
  year      = {1996},
}

@article{vizel2015boolean,
  title={Boolean satisfiability solvers and their applications in model checking},
  author={Vizel, Yakir and Weissenbacher, Georg and Malik, Sharad},
  journal={Proceedings of the IEEE},
  volume={103},
  number={11},
  pages={2021--2035},
  year={2015},
  publisher={IEEE}
}

@incollection{barrett2018satisfiability,
  title={Satisfiability modulo theories},
  author={Barrett, Clark and Tinelli, Cesare},
  booktitle={Handbook of model checking},
  pages={305--343},
  year={2018},
  publisher={Springer}
}

@inproceedings{mann2021pono,
  title={Pono: a flexible and extensible SMT-based model checker},
  author={Mann, Makai and Irfan, Ahmed and others},
  booktitle={International Conference on Computer Aided Verification},
  pages={461--474},
  year={2021},
  organization={Springer}
}

@inproceedings{BiereCCZ99,
  author    = {Armin Biere and
               Alessandro Cimatti and
               others},
  title     = {Symbolic Model Checking without BDDs},
  booktitle = {Tools and Algorithms for Construction and Analysis of Systems, 5th
               International Conference, {TACAS} '99},
  volume    = {1579},
  pages     = {193--207},
  publisher = {Springer},
  year      = {1999},
}

@inproceedings{Bradley11,
  author    = {Aaron R. Bradley},
  title     = {SAT-Based Model Checking without Unrolling},
  booktitle = {Verification, Model Checking, and Abstract Interpretation - 12th International
               Conference, {VMCAI} 2011, Austin, TX, USA, January 23-25, 2011. Proceedings},
  volume    = {6538},
  pages     = {70--87},
  publisher = {Springer},
  year      = {2011},
}

@inproceedings{niemetz2018btor2,
  title={Btor2, btormc and boolector 3.0},
  author={Niemetz, Aina and Preiner, Mathias and others},
  booktitle={International Conference on Computer Aided Verification},
  pages={587--595},
  year={2018},
  organization={Springer}
}

@inproceedings{clarke1996symbolic,
  title={Symbolic model checking},
  author={Clarke, Edmund and McMillan, K and others},
  booktitle={International conference on computer aided verification},
  pages={419--422},
  year={1996},
  organization={Springer}
}

@article{asanovic2016rocket,
  title={The rocket chip generator},
  author={Asanovic, Krste and Avizienis, Rimas and Bachrach, Jonathan and Beamer, Scott and Biancolin, David and Celio, Christopher and Cook, Henry and Dabbelt, Daniel and Hauser, John and Izraelevitz, Adam and others},
  journal={EECS Department, University of California, Berkeley, Tech. Rep. UCB/EECS-2016-17},
  volume={4},
  year={2016}
}

@article{asanovic2014instruction,
  title={Instruction sets should be free: The case for risc-v},
  author={Asanovi{\'c}, Krste and Patterson, David A},
  journal={EECS Department, University of California, Berkeley, Tech. Rep. UCB/EECS-2014-146},
  year={2014}
}

@inproceedings{lockhart2018experiences,
  title={Experiences building edge TPU with chisel},
  author={Lockhart, Derek and Twigg, Stephen and Hogberg, Doug and Huang, George and andJeremy Coriell, Ravi Narayanaswami and Dasari, Uday and Ho, Richard and Hogberg, Doug and Huang, George and Kane, Anand and others},
  booktitle={2018 Chisel Community Conference (CCC)},
  year={2018}
}

@article{ackerman2008toward,
  title={Toward open source hardware},
  author={Ackerman, John R},
  journal={U. Dayton L. Rev.},
  volume={34},
  pages={183},
  year={2008},
  publisher={HeinOnline}
}

@electronic{ChiselTest,
  author={R. Lin},
  title  = {chiseltest},
  url    = {https://github.com/ucb-bar/chiseltest}
}

@electronic{chiselFormal,
  author = {Tdb Alcorn},
  title  = {Chisel formal verification},
  url    = {https://github.com/tdb-alcorn/chisel-formal}
}


@electronic{ChiselFV,
  title  = {ChiselFV},
  url    = {https://github.com/Moorvan/ChiselFV}
}

@electronic{riscvFvChisel,
  title  = {RISC-V Formal Framework in Chisel},
  url    = {https://github.com/Moorvan/RISCV-Formal-Chisel}
}

@article{dobis2021open,
  title={Open-source verification with chisel and scala},
  author={Dobis, Andrew and Petersen, Tjark and others},
  journal={arXiv preprint arXiv:2102.13460},
  year={2021}
}

@inproceedings{barrett2010smt,
  title={The smt-lib standard: Version 2.0},
  author={Barrett, Clark and Stump, Aaron and Tinelli, Cesare and others},
  booktitle={Proceedings of the 8th international workshop on satisfiability modulo theories (Edinburgh, UK)},
  volume={13},
  pages={14},
  year={2010}
}

@article{biere2009bounded,
  title={Bounded model checking.},
  author={Biere, Armin and Cimatti, Alessandro and others},
  journal={Handbook of satisfiability},
  volume={185},
  number={99},
  pages={457--481},
  year={2009}
}

@inproceedings{moura2008z3,
  title={Z3: An efficient SMT solver},
  author={Moura, Leonardo de and Bj{\o}rner, Nikolaj},
  booktitle={International conference on Tools and Algorithms for the Construction and Analysis of Systems},
  pages={337--340},
  year={2008},
  organization={Springer}
}

@inproceedings{xiang2022parameterized,
  title={Parameterized Design and Formal Verification of Multi-ported Memory},
  author={Xiang, Mufan and Li, Yongjian and others},
  booktitle={2022 26th International Conference on Engineering of Complex Computer Systems (ICECCS)},
  pages={33--41},
  year={2022},
  organization={IEEE}
}

@inproceedings{biere1999symbolic,
  title={Symbolic model checking without BDDs},
  author={Biere, Armin and Cimatti, Alessandro and others},
  booktitle={International conference on tools and algorithms for the construction and analysis of systems},
  pages={193--207},
  year={1999},
  organization={Springer}
}

@inproceedings{sheeran2000checking,
  title={Checking safety properties using induction and a SAT-solver},
  author={Sheeran, Mary and Singh, Satnam and St{\aa}lmarck, Gunnar},
  booktitle={International conference on formal methods in computer-aided design},
  pages={127--144},
  year={2000},
  organization={Springer}
}

@inproceedings{bradley2011sat,
  title={SAT-based model checking without unrolling},
  author={Bradley, Aaron R},
  booktitle={International Workshop on Verification, Model Checking, and Abstract Interpretation},
  pages={70--87},
  year={2011},
  organization={Springer}
}

@book{gunderson2010handbook,
  title={Handbook of Mathematical Induction},
  author={Gunderson, David S and Rosen, Kenneth H},
  year={2010},
  publisher={CRC Press LLC}
}

@misc{wolf2016yosys,
  title={Yosys open synthesis suite},
  author={Wolf, Clifford},
  year={2016}
}

@misc{patterson2017computer,
  title={Computer Organization and Design RISC-V Edition},
  author={Patterson, David and Hennessy, John},
  year={2017},
  publisher={Morgan Kaufmann}
}